 @misc{verdensmaalene, title={Verdensmålene}, url={https://www.verdensmaalene.dk/fakta/verdensmaalene}, journal={Verdensmålene - for bæredygtig udvikling}, publisher={FN}, year={2020}, month={Sep}}